% Sample bibliography file for research diary
% Add your references here

@article{example2025,
  title={Example Paper for Research Diary},
  author={Author, Sample},
  journal={Journal of Research},
  year={2025},
  volume={1},
  pages={1--10}
}

@book{research_methods2024,
  title={Research Methods in Computer Science},
  author={Smith, John and Doe, Jane},
  publisher={Academic Press},
  year={2024}
}
