/Users/lqiang67/Downloads/diary/latex/bibliography/reference.bib