/Users/lqiang67/Downloads/diary/sources/bibliography/reference.bib